@online{wiki:Moon,
  author       = {{Wikipedia contributors}},
  title        = {Orbit of the Moon},
  year         = 2024,
  url          = {https://en.wikipedia.org/wiki/Orbit_of_the_Moon},
  note         = {Dostop: 2. 7. 2024}
}
@online{wiki:Earth,
  author       = {{Wikipedia contributors}},
  title        = {Earth},
  year         = 2024,
  url          = {https://en.wikipedia.org/wiki/Earth},
  note         = {Dostop: 2. 7. 2024}
}
@online{wiki:Sun,
author       = {{Wikipedia contributors}},
title        = {Sun},
year         = 2024,
url          = {https://en.wikipedia.org/wiki/Sun},
note         = {Dostop: 2. 7. 2024}
}
@online{wiki:month,
author       = {{Wikipedia contributors}},
title        = {Lunar Month},
year         = 2024,
url          = {https://en.wikipedia.org/wiki/Lunar_month},
note         = {Dostop: 15. 7. 2024}
}
@online{NASA:Lunar_orbit,
author       = {{Espenak, Fred}},
title        = {Eclipses and the Moon's orbit},
year         = 2012,
url          = {https://eclipse.gsfc.nasa.gov/SEhelp/moonorbit.html},
note         = {Dostop: 9. 7. 2024}
}
@online{apsid_calc,
author       = {{Walker, John}},
title        = {Lunar Perigee and Apogee Calculator},
year         = 1997,
url          = {https://www.fourmilab.ch/earthview/pacalc.html},
note         = {Dostop: 9. 7. 2024}
}