@book{Kuščer_Kodre_Neunzert_Razpet_2016, place={Ljubljana}, title={Matematika v Fiziki in Tehniki}, chapter={5.7}, publisher={DMFA - založništvo}, author={Kuščer, Ivan and Kodre, Alojz}, year={2006}} 